@Comment{
    Make sure that authors have the same middle names
    (except Carl Edward Rasmussen)
}


@inproceedings{garriga2018infiniteconv,
  author    = {Adri{\`{a}} Garriga{-}Alonso and
               Carl Edward Rasmussen and
               Laurence Aitchison},
  title     = {Deep Convolutional Networks as shallow {G}aussian Processes},
  booktitle = {7th International Conference on Learning Representations (ICLR 2019)},
  publisher = {OpenReview.net},
  year      = {2019},
  url       = {https://openreview.net/forum?id=Bklfsi0cKm},
  timestamp = {Thu, 25 Jul 2019 14:25:42 +0200},
  biburl    = {https://dblp.org/rec/conf/iclr/Garriga-AlonsoR19.bib},
  bibsource = {dblp computer science bibliography, https://dblp.org}
}

@inproceedings{novak2019infiniteconv,
  author    = {Roman Novak and
               Lechao Xiao and
               Yasaman Bahri and
               Jaehoon Lee and
               Greg Yang and
               Jiri Hron and
               Daniel A. Abolafia and
               Jeffrey Pennington and
               Jascha Sohl{-}Dickstein},
  title     = {Bayesian Deep Convolutional Networks with Many Channels are {G}aussian Processes},
  booktitle = {7th International Conference on Learning Representations (ICLR 2019)},
  year      = {2019},
  url       = {https://openreview.net/forum?id=B1g30j0qF7},
  biburl    = {https://dblp.org/rec/conf/iclr/NovakXBLYHAPS19.bib},
  bibsource = {dblp computer science bibliography, https://dblp.org}
}

@phdthesis{vdw2019thesis,
title={Sparse {G}aussian process approximations and applications},
author={van der Wilk, Mark},
school={University of Cambridge},
year={2019}
}

@inproceedings{schoenholz2017deepinformationpropagation,
  author    = {Samuel S. Schoenholz and
               Justin Gilmer and
               Surya Ganguli and
               Jascha Sohl{-}Dickstein},
  title     = {Deep Information Propagation},
  booktitle = {5th International Conference on Learning Representations (ICLR 2017)},
  publisher = {OpenReview.net},
  year      = {2017},
  url       = {https://openreview.net/forum?id=H1W1UN9gg},
  timestamp = {Thu, 25 Jul 2019 14:25:47 +0200},
  biburl    = {https://dblp.org/rec/conf/iclr/SchoenholzGGS17.bib},
  bibsource = {dblp computer science bibliography, https://dblp.org}
}

@book{neal1996bayesian,
  title={Bayesian learning for neural networks},
  author={Neal, Radford M.},
  volume={118},
  year={1996},
  publisher={Springer}
}

@book{gpml,
  title={{G}aussian processes for machine learning. 2006},
  author={Rasmussen, Carl Edward and Williams, Christopher K. I.},
  publisher={The MIT Press, Cambridge, MA, USA},
  year={2006}
}

@incollection{williams1996gpr,
title = {Gaussian Processes for Regression},
author = {Christopher K. I. Williams and Carl Edward Rasmussen},
booktitle = {Advances in Neural Information Processing Systems 8 (NeurIPS 1995)},
editor = {D. S. Touretzky and M. C. Mozer and M. E. Hasselmo},
pages = {514--520},
year = {1996},
publisher = {MIT Press},
url = {http://papers.nips.cc/paper/1048-gaussian-processes-for-regression.pdf}
}

@incollection{jacot2018ntk,
title = {Neural Tangent Kernel: Convergence and Generalization in Neural Networks},
author = {Jacot, Arthur and Gabriel, Franck and Hongler, Clement},
booktitle = {Advances in Neural Information Processing Systems 31 (NeurIPS 2018)},
editor = {S. Bengio and H. Wallach and H. Larochelle and K. Grauman and N. Cesa-Bianchi and R. Garnett},
pages = {8571--8580},
year = {2018},
publisher = {Curran Associates, Inc.},
url = {http://papers.nips.cc/paper/8076-neural-tangent-kernel-convergence-and-generalization-in-neural-networks.pdf}
}

@Incollection{mackay1998introgp,
  author = 	 "David J. C.  MacKay",
  title = 	 "Introduction to {G}aussian Processes",
  publisher = "Kluwer Academic Press",
 booktitle={Neural Networks and Machine Learning},
 series={NATO ASI Series},
  year = 	 "1998",
  editor = 	 "C. M. Bishop",
  pages = 	 "133-166"
}

@inproceedings{matthews2018dnnlimit,
  author    = {{Alexander G. de G.} Matthews and
               Jiri Hron and
               Mark Rowland and
               Richard E. Turner and
               Zoubin Ghahramani},
  title     = {{G}aussian Process Behaviour in Wide Deep Neural Networks},
  booktitle = {6th International Conference on Learning Representations (ICLR 2018)},
  year      = {2018},
  url       = {https://openreview.net/forum?id=H1-nGgWC-},
}

@inproceedings{lee2018dnnlimit,
  author    = {Jaehoon Lee and
               Yasaman Bahri and
               Roman Novak and
               Samuel S. Schoenholz and
               Jeffrey Pennington and
               Jascha Sohl{-}Dickstein},
  title     = {Deep Neural Networks as {G}aussian Processes},
  booktitle = {6th International Conference on Learning Representation (ICLR 2018)},
  year      = {2018},
  url       = {https://openreview.net/forum?id=B1EA-M-0Z},
}

@incollection{yang2019wide,
title = {Wide Feedforward or Recurrent Neural Networks of Any Architecture are {G}aussian Processes},
author = {Greg Yang},
booktitle = {Advances in Neural Information Processing Systems 32 (NeurIPS 2019)},
editor = {H. Wallach and H. Larochelle and A. Beygelzimer and F. d\textquotesingle Alch\'{e}-Buc and E. Fox and R. Garnett},
pages = {9951--9960},
year = {2019},
publisher = {Curran Associates, Inc.},
url = {http://papers.nips.cc/paper/9186-wide-feedforward-or-recurrent-neural-networks-of-any-architecture-are-gaussian-processes.pdf}
}

@incollection{arora2019exact,
title = {On Exact Computation with an Infinitely Wide Neural Net},
author = {Arora, Sanjeev and Du, Simon S. and Hu, Wei and Li, Zhiyuan and Salakhutdinov, Russ R. and Wang, Ruosong},
booktitle = {Advances in Neural Information Processing Systems 32 (NeurIPS 2019)},
editor = {H. Wallach and H. Larochelle and A. Beygelzimer and F. d\textquotesingle Alch\'{e}-Buc and E. Fox and R. Garnett},
pages = {8141--8150},
year = {2019},
publisher = {Curran Associates, Inc.},
url = {http://papers.nips.cc/paper/9025-on-exact-computation-with-an-infinitely-wide-neural-net.pdf}
}

@incollection{williams1997inf,
title = {Computing with Infinite Networks},
author = {Christopher K. I. Williams},
booktitle = {Advances in Neural Information Processing Systems 9 (NIPS 1996)},
editor = {M. C. Mozer and M. I. Jordan and T. Petsche},
pages = {295--301},
year = {1997},
publisher = {MIT Press},
url = {http://papers.nips.cc/paper/1197-computing-with-infinite-networks.pdf}
}

@incollection{cho2009mkm,
title = {Kernel Methods for Deep Learning},
author = {Youngmin Cho and Lawrence K. Saul},
booktitle = {Advances in Neural Information Processing Systems 22 (NIPS 2009)},
editor = {Y. Bengio and D. Schuurmans and J. D. Lafferty and C. K. I. Williams and A. Culotta},
pages = {342--350},
year = {2009},
publisher = {Curran Associates, Inc.},
url = {http://papers.nips.cc/paper/3628-kernel-methods-for-deep-learning.pdf}
}

@incollection{mairal2014ckn,
title = {Convolutional Kernel Networks},
author = {Mairal, Julien and Koniusz, Piotr and Harchaoui, Zaid and Schmid, Cordelia},
booktitle = {Advances in Neural Information Processing Systems 27},
editor = {Z. Ghahramani and M. Welling and C. Cortes and N. D. Lawrence and K. Q. Weinberger},
pages = {2627--2635},
year = {2014},
publisher = {Curran Associates, Inc.},
url = {http://papers.nips.cc/paper/5348-convolutional-kernel-networks.pdf}
}

@misc{hazan2015,
Author = {Tamir Hazan and Tommi Jaakkola},
Title = {Steps toward deep kernel methods from infinite neural networks},
Year = {2015},
Eprint = {arXiv:1508.05133},
}

@misc{matthews2018dnnlimit2,
Author = {{Alexander G. de G.} Matthews and Mark Rowland and Jiri Hron and Richard E. Turner and Zoubin Ghahramani},
Title = {Gaussian process behaviour in wide deep neural networks},
Year = {2018},
Eprint = {arXiv:1804.11271},
}

@inproceedings{arora2020small,
title={Harnessing the Power of Infinitely Wide Deep Nets on Small-data Tasks},
author={Sanjeev Arora and Simon S. Du and Zhiyuan Li and Ruslan Salakhutdinov and Ruosong Wang and Dingli Yu},
booktitle={8th International Conference on Learning Representation (ICLR 2020)},
year={2020},
url={https://openreview.net/forum?id=rkl8sJBYvH}
}

@misc{shankar2020without,
Author = {Vaishaal Shankar and Alex Fang and Wenshuo Guo and Sara Fridovich-Keil and Ludwig Schmidt and Jonathan Ragan-Kelley and Benjamin Recht},
Title = {Neural Kernels Without Tangents},
Year = {2020},
Eprint = {arXiv:2003.02237},
}


@incollection{vdw2017convgp,
title = {Convolutional {G}aussian Processes},
author = {van der Wilk, Mark and Rasmussen, Carl Edward and Hensman, James},
booktitle = {Advances in Neural Information Processing Systems 30 (NeurIPS 2017)},
editor = {I. Guyon and U. V. Luxburg and S. Bengio and H. Wallach and R. Fergus and S. Vishwanathan and R. Garnett},
pages = {2849--2858},
year = {2017},
publisher = {Curran Associates, Inc.},
url = {http://papers.nips.cc/paper/6877-convolutional-gaussian-processes.pdf}
}

@incollection{dutordoir2020,
Author = {Vincent Dutordoir and Mark van der Wilk and Artem Artemev and James Hensman},
Title = {Bayesian Image Classification with Deep Convolutional {G}aussian Processes},
Year = {2020},
booktitle = {Proceedings of the 23rd International Conference on 
Artificial Intelligence and Statistics (AISTATS 2020)},
Eprint = {arXiv:1902.05888},
}


